@MISC{WP2,
	author={Wikipedia},
	title={{Fast Fourier Transformation}},
	year=2011,
	note={\\\url{http://en.wikipedia.org/wiki/FFT}}
}

@MISC{PHILIPS1,
	author={Philips},
	title={{LUXEONÂ® Rebel ES Technical Datasheet DS61}},
	year=2010,
	note={\\\url{http://www.philipslumileds.com/uploads/17/DS61-pdf}}
}

@MISC{PHILIPS2,
	author={Philips},
	title={{Power Light Source LUXEON K2 Technical Datasheet DS51}},
	year=2008,
	note={\\\url{http://www.philipslumileds.com/uploads/54/DS51-pdf}}
}